@article{jaksch2010near,
  title={Near-optimal regret bounds for reinforcement learning},
  author={Jaksch, Thomas and Ortner, Ronald and Auer, Peter},
  journal={Journal of Machine Learning Research},
  volume={11},
  number={Apr},
  pages={1563--1600},
  year={2010}
}

@inproceedings{ng1999policy,
  title={Policy invariance under reward transformations: Theory and application to reward shaping},
  author={Ng, Andrew Y and Harada, Daishi and Russell, Stuart},
  booktitle={ICML},
  volume={99},
  pages={278--287},
  year={1999}
}

@article{wiewiora2003potential,
  title={Potential-based shaping and Q-value initialization are equivalent},
  author={Wiewiora, Eric},
  journal={Journal of Artificial Intelligence Research},
  volume={19},
  pages={205--208},
  year={2003}
}

@article{kober2013reinforcement,
  title={Reinforcement learning in robotics: A survey},
  author={Kober, Jens and Bagnell, J Andrew and Peters, Jan},
  journal={The International Journal of Robotics Research},
  volume={32},
  number={11},
  pages={1238--1274},
  year={2013},
  publisher={SAGE Publications Sage UK: London, England}
}

@article{givan2000bounded,
  title={Bounded-parameter Markov decision processes},
  author={Givan, Robert and Leach, Sonia and Dean, Thomas},
  journal={Artificial Intelligence},
  volume={122},
  number={1-2},
  pages={71--109},
  year={2000},
  publisher={Elsevier}
}

@unpublished{fruit2019exploitation,
  title={Exploration-Exploitation in Reinforcement Learning},
  author={Fruit, Ronan and Lazaric, Alessandro and Pirotta, Matteo},
  howpublished={Tutorial at Algorithmic Learning Theory conference},
  url={https://rlgammazero.github.io/docs/2019_ALT_exptutorial.pdf},
  year={2019}
}